{"not_usd":[{"type":"ask","price":0.016361,"amount":23.71251663,"tid":200002384,"timestamp":1719432880},{"type":"bid","price":0.017,"amount":12.42447714,"tid":200002383,"timestamp":1719412226},{"type":"bid","price":0.017,"amount":192.57009866,"tid":200002382,"timestamp":1719412226},{"type":"bid","price":0.017,"amount":9.60933124,"tid":200002381,"timestamp":1719409624},{"type":"bid","price":0.017,"amount":5.88787124,"tid":200002380,"timestamp":1719409575},{"type":"bid","price":0.017,"amount":68.07736693,"tid":200002379,"timestamp":1719402541},{"type":"bid","price":0.017,"amount":19.55893712,"tid":200002378,"timestamp":1719402524},{"type":"bid","price":0.017,"amount":10,"tid":200002377,"timestamp":1719402524},{"type":"bid","price":0.0168,"amount":10.71009695,"tid":200002376,"timestamp":1719402521},{"type":"bid","price":0.01679999,"amount":28.22429652,"tid":200002375,"timestamp":1719402517},{"type":"bid","price":0.01679999,"amount":21.08041542,"tid":200002374,"timestamp":1719347102},{"type":"bid","price":0.01679999,"amount":14.9249938,"tid":200002373,"timestamp":1719347096},{"type":"bid","price":0.01659048,"amount":6.05410358,"tid":200002372,"timestamp":1719347096},{"type":"bid","price":0.01532665,"amount":6.86580906,"tid":200002371,"timestamp":1719297729},{"type":"bid","price":0.0152,"amount":0.04900984,"tid":200002370,"timestamp":1719297729},{"type":"bid","price":0.0152,"amount":37.97227217,"tid":200002369,"timestamp":1719295295},{"type":"bid","price":0.0152,"amount":11.15765534,"tid":200002368,"timestamp":1719295260},{"type":"bid","price":0.0152,"amount":11.15765534,"tid":200002367,"timestamp":1719295258},{"type":"bid","price":0.0152,"amount":13.37849469,"tid":200002366,"timestamp":1719295256},{"type":"bid","price":0.0152,"amount":16.04137321,"tid":200002365,"timestamp":1719295254},{"type":"bid","price":0.0152,"amount":1651.6394272,"tid":200002364,"timestamp":1719286435},{"type":"bid","price":0.01518127,"amount":6.93155796,"tid":200002363,"timestamp":1719286435},{"type":"bid","price":0.01517708,"amount":6.65229655,"tid":200002362,"timestamp":1719286435},{"type":"bid","price":0.01507,"amount":47.84652453,"tid":200002361,"timestamp":1719280564},{"type":"bid","price":0.0147,"amount":1350.60246973,"tid":200002360,"timestamp":1719247294},{"type":"bid","price":0.0147,"amount":213.48642631,"tid":200002359,"timestamp":1719247057},{"type":"bid","price":0.0143,"amount":767.67698309,"tid":200002358,"timestamp":1719242640},{"type":"bid","price":0.0143,"amount":55.11664147,"tid":200002357,"timestamp":1719241259},{"type":"bid","price":0.0143,"amount":86.46971201,"tid":200002356,"timestamp":1719240882},{"type":"ask","price":0.01478163,"amount":92.09969166,"tid":200002355,"timestamp":1719240673},{"type":"bid","price":0.01478163,"amount":7.27637016,"tid":200002354,"timestamp":1719240669},{"type":"bid","price":0.0141,"amount":547.53882133,"tid":200002353,"timestamp":1719240669},{"type":"ask","price":0.01410365,"amount":7.46117867,"tid":200002352,"timestamp":1719240668},{"type":"bid","price":0.0144,"amount":17.59199815,"tid":200002351,"timestamp":1719236772},{"type":"bid","price":0.0144,"amount":26.76678075,"tid":200002350,"timestamp":1719236770},{"type":"ask","price":0.0137321,"amount":68.38062355,"tid":200002349,"timestamp":1719230827},{"type":"ask","price":0.01374753,"amount":7.82370444,"tid":200002348,"timestamp":1719230825},{"type":"ask","price":0.01374923,"amount":7.3431339,"tid":200002347,"timestamp":1719230823},{"type":"bid","price":0.0149,"amount":12.42447714,"tid":200002346,"timestamp":1719227155},{"type":"bid","price":0.0149,"amount":46.86725037,"tid":200002345,"timestamp":1719225602},{"type":"bid","price":0.0149,"amount":6.77600247,"tid":200002344,"timestamp":1719225602},{"type":"bid","price":0.0149,"amount":6.78693704,"tid":200002343,"timestamp":1719225602},{"type":"bid","price":0.01379149,"amount":4790.90763581,"tid":200002342,"timestamp":1719224595},{"type":"bid","price":0.01379149,"amount":725.08481679,"tid":200002341,"timestamp":1719224594},{"type":"bid","price":0.01379149,"amount":35.80037166,"tid":200002340,"timestamp":1719224586},{"type":"bid","price":0.01379149,"amount":1619.15759553,"tid":200002339,"timestamp":1719224527},{"type":"bid","price":0.01379149,"amount":16321.41952339,"tid":200002338,"timestamp":1719224523},{"type":"bid","price":0.01379149,"amount":1000,"tid":200002337,"timestamp":1719224513},{"type":"ask","price":0.01379149,"amount":7.63005682,"tid":200002336,"timestamp":1719224500},{"type":"ask","price":0.014,"amount":63.10279005,"tid":200002335,"timestamp":1719209397},{"type":"ask","price":0.014511,"amount":10.71009726,"tid":200002334,"timestamp":1719187815},{"type":"ask","price":0.015,"amount":10,"tid":200002333,"timestamp":1719187801},{"type":"ask","price":0.01516312,"amount":0.35129977,"tid":200002332,"timestamp":1719187801},{"type":"ask","price":0.01534539,"amount":6.58995059,"tid":200002331,"timestamp":1719187786},{"type":"ask","price":0.0153558,"amount":6.57487313,"tid":200002330,"timestamp":1719187780},{"type":"ask","price":0.0155011,"amount":38.00425153,"tid":200002329,"timestamp":1719187775},{"type":"ask","price":0.01556907,"amount":202.38937821,"tid":200002328,"timestamp":1719187769},{"type":"ask","price":0.01556907,"amount":93.31422698,"tid":200002327,"timestamp":1719177971},{"type":"ask","price":0.01556911,"amount":10,"tid":200002326,"timestamp":1719177971},{"type":"ask","price":0.01556912,"amount":64.22970592,"tid":200002325,"timestamp":1719177971},{"type":"ask","price":0.0165,"amount":50.35402775,"tid":200002324,"timestamp":1719145840},{"type":"ask","price":0.0165,"amount":5395.21770508,"tid":200002323,"timestamp":1719143661},{"type":"bid","price":0.017,"amount":10.01094311,"tid":200002322,"timestamp":1719141922},{"type":"bid","price":0.017,"amount":28.87574639,"tid":200002321,"timestamp":1719093202},{"type":"ask","price":0.0151651,"amount":28.87574639,"tid":200002320,"timestamp":1719059002},{"type":"ask","price":0.0155388,"amount":6.46385075,"tid":200002319,"timestamp":1719058703},{"type":"bid","price":0.02187,"amount":27.04475765,"tid":200002318,"timestamp":1719048460},{"type":"bid","price":0.02187,"amount":70.63174055,"tid":200002317,"timestamp":1719048460},{"type":"bid","price":0.017,"amount":9,"tid":200002316,"timestamp":1719048460},{"type":"bid","price":0.0190615,"amount":62.66445496,"tid":200002315,"timestamp":1718998826},{"type":"bid","price":0.01761604,"amount":100,"tid":200002314,"timestamp":1718998826},{"type":"bid","price":0.01761604,"amount":5.7016494,"tid":200002313,"timestamp":1718998826},{"type":"bid","price":0.01718764,"amount":5.8568733,"tid":200002312,"timestamp":1718998826},{"type":"bid","price":0.01693453,"amount":6.29744683,"tid":200002311,"timestamp":1718998826},{"type":"bid","price":0.01685408,"amount":6.00993209,"tid":200002310,"timestamp":1718998826},{"type":"bid","price":0.01684777,"amount":5.96164858,"tid":200002309,"timestamp":1718998826},{"type":"bid","price":0.0156,"amount":0.06318791,"tid":200002308,"timestamp":1718998826},{"type":"ask","price":0.01516312,"amount":53.00526864,"tid":200002307,"timestamp":1718993316},{"type":"ask","price":0.01516312,"amount":77.7277335,"tid":200002306,"timestamp":1718993215},{"type":"bid","price":0.0156,"amount":35.20959135,"tid":200002305,"timestamp":1718989957},{"type":"ask","price":0.014711,"amount":9,"tid":200002304,"timestamp":1718971573},{"type":"ask","price":0.014611,"amount":35.27277926,"tid":200002303,"timestamp":1718967145},{"type":"ask","price":0.01462687,"amount":7.29098585,"tid":200002302,"timestamp":1718961393},{"type":"ask","price":0.015,"amount":7,"tid":200002301,"timestamp":1718943626},{"type":"ask","price":0.015,"amount":693.33333459,"tid":200002300,"timestamp":1718943626},{"type":"ask","price":0.0150131,"amount":6.70519945,"tid":200002299,"timestamp":1718943626},{"type":"ask","price":0.0150457,"amount":6.73228077,"tid":200002298,"timestamp":1718943586},{"type":"ask","price":0.01565,"amount":1706.23363794,"tid":200002297,"timestamp":1718893516},{"type":"ask","price":0.01565012,"amount":62.85489842,"tid":200002296,"timestamp":1718893516},{"type":"ask","price":0.01565012,"amount":737.14510158,"tid":200002295,"timestamp":1718893435},{"type":"ask","price":0.01565015,"amount":1500,"tid":200002294,"timestamp":1718893435},{"type":"ask","price":0.0157678,"amount":6.3699745,"tid":200002293,"timestamp":1718893435},{"type":"ask","price":0.0158,"amount":2.51001309,"tid":200002292,"timestamp":1718893435},{"type":"ask","price":0.01595801,"amount":62.66445496,"tid":200002291,"timestamp":1718893435},{"type":"bid","price":0.01842123,"amount":5.45243093,"tid":200002290,"timestamp":1718880644},{"type":"bid","price":0.01698475,"amount":5.91356859,"tid":200002289,"timestamp":1718880644},{"type":"bid","price":0.01698152,"amount":5.91469343,"tid":200002288,"timestamp":1718880644},{"type":"bid","price":0.0169,"amount":19.56576184,"tid":200002287,"timestamp":1718880644},{"type":"bid","price":0.0175,"amount":211.10241863,"tid":200002286,"timestamp":1718835353},{"type":"bid","price":0.01751,"amount":6.19324508,"tid":200002285,"timestamp":1718806220},{"type":"bid","price":0.019,"amount":512.31410855,"tid":200002284,"timestamp":1718803476},{"type":"ask","price":0.0159,"amount":89.18330995,"tid":200002283,"timestamp":1718800565},{"type":"bid","price":0.02,"amount":248.58792838,"tid":200002282,"timestamp":1718798344},{"type":"ask","price":0.0158,"amount":17.48998691,"tid":200002281,"timestamp":1718798079},{"type":"ask","price":0.01608878,"amount":6.24289002,"tid":200002280,"timestamp":1718793596},{"type":"ask","price":0.0161,"amount":15.31947338,"tid":200002279,"timestamp":1718793596},{"type":"bid","price":0.022,"amount":28.96311517,"tid":200002278,"timestamp":1718791878},{"type":"bid","price":0.02199996,"amount":100,"tid":200002277,"timestamp":1718791878},{"type":"bid","price":0.02199991,"amount":52.85110575,"tid":200002276,"timestamp":1718791877},{"type":"bid","price":0.0219999,"amount":49.36431353,"tid":200002275,"timestamp":1718791877},{"type":"bid","price":0.021999,"amount":4.56568408,"tid":200002274,"timestamp":1718791877},{"type":"bid","price":0.021999,"amount":12.59894544,"tid":200002273,"timestamp":1718791877},{"type":"ask","price":0.0161,"amount":84.68052662,"tid":200002272,"timestamp":1718791014},{"type":"ask","price":0.0163,"amount":300,"tid":200002271,"timestamp":1718791014},{"type":"ask","price":0.0163,"amount":100,"tid":200002270,"timestamp":1718791014},{"type":"ask","price":0.01638873,"amount":6.12863132,"tid":200002269,"timestamp":1718791014},{"type":"bid","price":0.01775,"amount":621.50734143,"tid":200002268,"timestamp":1718789838},{"type":"bid","price":0.0165,"amount":0.06296582,"tid":200002267,"timestamp":1718789838},{"type":"bid","price":0.0165,"amount":10.13271567,"tid":200002266,"timestamp":1718778240},{"type":"ask","price":0.0165,"amount":100,"tid":200002265,"timestamp":1718773230},{"type":"ask","price":0.0167,"amount":100,"tid":200002264,"timestamp":1718772201},{"type":"ask","price":0.01585011,"amount":17.82835277,"tid":200002263,"timestamp":1718746170},{"type":"ask","price":0.01585,"amount":24.61987256,"tid":200002262,"timestamp":1718744287},{"type":"ask","price":0.01585,"amount":21.20955132,"tid":200002261,"timestamp":1718742600},{"type":"ask","price":0.015851,"amount":6.99999999,"tid":200002260,"timestamp":1718742599},{"type":"ask","price":0.01609405,"amount":223.93774449,"tid":200002259,"timestamp":1718720473},{"type":"ask","price":0.01609511,"amount":500,"tid":200002258,"timestamp":1718701946},{"type":"ask","price":0.01609511,"amount":121.50734143,"tid":200002257,"timestamp":1718691531},{"type":"ask","price":0.01609405,"amount":24.60131186,"tid":200002256,"timestamp":1718676936},{"type":"ask","price":0.016545,"amount":56.43960876,"tid":200002255,"timestamp":1718676164},{"type":"ask","price":0.016545,"amount":1143.56039124,"tid":200002254,"timestamp":1718675626},{"type":"ask","price":0.01719087,"amount":27.04475765,"tid":200002253,"timestamp":1718675607},{"type":"ask","price":0.017425,"amount":16.14496989,"tid":200002252,"timestamp":1718675553},{"type":"ask","price":0.017425,"amount":10.7007393,"tid":200002251,"timestamp":1718675531},{"type":"ask","price":0.017425,"amount":10.7007393,"tid":200002250,"timestamp":1718675528},{"type":"ask","price":0.017425,"amount":12.82552688,"tid":200002249,"timestamp":1718675525},{"type":"ask","price":0.017425,"amount":1349.62802463,"tid":200002248,"timestamp":1718674587},{"type":"ask","price":0.01763656,"amount":5.82632585,"tid":200002247,"timestamp":1718674587},{"type":"ask","price":0.0178367,"amount":4.72864257,"tid":200002246,"timestamp":1718673991},{"type":"ask","price":0.018,"amount":250.37996722,"tid":200002245,"timestamp":1718673991},{"type":"ask","price":0.0181025,"amount":5.59894545,"tid":200002244,"timestamp":1718655907},{"type":"ask","price":0.01814776,"amount":5.56151326,"tid":200002243,"timestamp":1718655905},{"type":"ask","price":0.0189,"amount":0.09641535,"tid":200002242,"timestamp":1718649506},{"type":"ask","price":0.0189,"amount":55.23544022,"tid":200002241,"timestamp":1718647183},{"type":"ask","price":0.0189,"amount":62.35224706,"tid":200002240,"timestamp":1718647152},{"type":"ask","price":0.0189,"amount":0.10251432,"tid":200002239,"timestamp":1718647152},{"type":"ask","price":0.0189,"amount":6.11971646,"tid":200002238,"timestamp":1718641015},{"type":"ask","price":0.0189,"amount":1051.97882742,"tid":200002237,"timestamp":1718619487},{"type":"ask","price":0.018921,"amount":71.0008464,"tid":200002236,"timestamp":1718619487},{"type":"ask","price":0.01892107,"amount":142.4832168,"tid":200002235,"timestamp":1718619487}]}